<?xml version="1.0" encoding="UTF-8"?><record xmlns="http://www.loc.gov/MARC21/slim" xmlns:cinclude="http://apache.org/cocoon/include/1.0" xmlns:zs="http://www.loc.gov/zing/srw/">
  <leader>00398nz  a2200133n  4500</leader>
  <controlfield tag="001">nr 95028042 </controlfield>
  <controlfield tag="003">DLC</controlfield>
  <controlfield tag="005">19960627051452.3</controlfield>
  <controlfield tag="008">950801n| acannaab|          |a aaa     c</controlfield>
  <datafield tag="010" ind1=" " ind2=" ">
    <subfield code="a">nr 95028042 </subfield>
  </datafield>
  <datafield tag="040" ind1=" " ind2=" ">
    <subfield code="a">PU</subfield>
    <subfield code="c">PU</subfield>
  </datafield>
  <datafield tag="100" ind1="1" ind2="0">
    <subfield code="a">Valkenburgh, Carol Doyle Van</subfield>
  </datafield>
  <datafield tag="400" ind1="1" ind2="0">
    <subfield code="a">Van Valkenburgh, Carol Doyle</subfield>
  </datafield>
  <datafield tag="670" ind1=" " ind2=" ">
    <subfield code="a">Wild women don't have the blues, c1989:</subfield>
    <subfield code="b">credits (produced by Carol Doyle Van Valkenburgh)</subfield>
  </datafield>
</record>